<?xml version="1.0" encoding="UTF-8" ?>
<record Numero="13991346" format="InterXMarc_Complet" type="Authority">
<leader>00365c0 au22000272  45  <Pos Code="0004">00365</Pos>
<Pos Code="05" Sens="notice modifiée">c</Pos>
<Pos Code="06" Sens="notice validée par les services d&apos;autorité">0</Pos>
<Pos Code="08" Sens="notice d&apos;autorité">a</Pos>
<Pos Code="09" Sens="titre uniforme musical (TUM)">u</Pos>
<Pos Code="10">2</Pos>
<Pos Code="11">2</Pos>
<Pos Code="1216">00027</Pos>
<Pos Code="17" Sens="autres cas">2</Pos>
<Pos Code="20">4</Pos>
<Pos Code="21">5</Pos>
</leader>
<controlfield tag="001">FRBNF139913464<Pos Code="0001">FR</Pos>
<Pos Code="0204">BNF</Pos>
<Pos Code="0512">13991346</Pos>
<Pos Code="13">4</Pos>
</controlfield>
<controlfield tag="008">960708150226yyeng sg        1911                             1   <Pos Code="0001">96</Pos>
<Pos Code="0203">07</Pos>
<Pos Code="0405">08</Pos>
<Pos Code="0607">15</Pos>
<Pos Code="0809">02</Pos>
<Pos Code="1011">26</Pos>
<Pos Code="1213" Sens="ne s&apos;applique pas">yy</Pos>
<Pos Code="1416" Sens="anglais">eng</Pos>
<Pos Code="1820" Sens="chanson [chanson harmonisée => chanson]">sg </Pos>
<Pos Code="2831">1911</Pos>
<Pos Code="61" Sens="La vedette peut être liée à une notice bibliographique sauf pour l&apos;accès matière RAMEAU">1</Pos>
</controlfield>
<datafield tag="048" ind1=" " ind2=" ">
	<subfield code="a">vz01<Pos Code="0001" Sens="voix - non spécifié">vz</Pos>
<Pos Code="02">0</Pos>
<Pos Code="03">1</Pos>
</subfield>
	<subfield code="a">oa01<Pos Code="0001" Sens="orchestre - orchestre symphonique XIXe-XXe s.">oa</Pos>
<Pos Code="02">0</Pos>
<Pos Code="03">1</Pos>
</subfield>
</datafield>
<datafield tag="100" ind1=" " ind2=" ">
	<subfield code="3">13891411</subfield>
	<subfield code="w"> 1 2b     </subfield>
	<subfield code="a">Berlin</subfield>
	<subfield code="m">Irving</subfield>
	<subfield code="d">1888-1989</subfield>
</datafield>
<datafield tag="144" ind1="1" ind2=" ">
	<subfield code="w">....b.....</subfield>
	<subfield code="a">Alexander&apos;s ragtime band</subfield>
</datafield>
<datafield tag="600" ind1=" " ind2=" ">
	<subfield code="a">Date de composition : 1911</subfield>
</datafield>
<datafield tag="610" ind1=" " ind2=" ">
	<subfield code="a">Baker&apos;s</subfield>
</datafield>
<datafield tag="917" ind1=" " ind2=" ">
	<subfield code="o">OPC</subfield>
	<subfield code="a">101231130</subfield>
</datafield>
<datafield tag="996" ind1=" " ind2=" ">
	<subfield code="o">OPP</subfield>
	<subfield code="a">16303910</subfield>
	<subfield code="d">20150109</subfield>
</datafield>
<datafield tag="996" ind1=" " ind2=" ">
	<subfield code="o">OPP</subfield>
	<subfield code="a">13857706</subfield>
	<subfield code="d">20150226</subfield>
</datafield>
<Alter Ori="13891411">
<datafield tag="400" ind1=" " ind2=" ">
	<subfield code="w">    b     </subfield>
	<subfield code="a">Baline</subfield>
	<subfield code="m">Israel</subfield>
	<subfield code="d">1888-1989</subfield>
</datafield>
</Alter>
<Attr Nom="IDPerenne">ark:/12148/cb13991346c</Attr>
<Attr Nom="NumSource">OPC 101231130</Attr>
<Attr Nom="Source" Sens="BnF catalogue général (depuis 1999)">A</Attr>
<Attr Nom="NumAutoriteLiee">13891411</Attr>
<Attr Nom="DateCreation">08/07/ 1996</Attr>
<Attr Nom="ResponsableCreation">MIGV2</Attr>
<Attr Nom="StructCreation">1</Attr>
<Attr Nom="DateDerniereValidation">26/02/ 2015</Attr>
<Attr Nom="ResponsableDerniereValidation">SERRES CATHERINE</Attr>
<Attr Nom="StructPremiereValidation">1</Attr>
<Attr Nom="DatePremiereValidation">08/07/ 1996</Attr>
<Attr Nom="ResponsablePremiereValidation">MIGV2</Attr>
<Attr Nom="StructDerniereValidation">82</Attr>
<Attr Nom="NumSource" Rep="1">OPP 16303910</Attr>
<Attr Nom="NumSource" Rep="2">OPP 13857706</Attr>
</record>
